@BOOK{TEXGURU99,
  AUTHOR        = "{\TeX}Guru",
  TITLE         = "{\LaTeXe} 用户手册",
  YEAR          = "1999"
}

@BOOK{knuth,
  AUTHOR        = "{Donald E. Knuth}",
  TITLE         = "The \TeX{}book",
  publisher     = "Addison–Wesley Pub. Co.",
  address       = "MA",
  YEAR          = "1984"
}